<?xml version="1.0" encoding="UTF-8"?>
<record xmlns="http://www.loc.gov/MARC21/slim" xmlns:xsi="http://www.w3.org/2001/XMLSchema-instance" xsi:schemaLocation="http://www.loc.gov/MARC21/slim http://www.loc.gov/standards/marcxml/schema/MARC21slim.xsd">
<leader>00000cam a22      a 4500</leader>
<controlfield tag="001">002774017</controlfield>
<controlfield tag="003">NNU</controlfield>
<controlfield tag="005">20160413165533.0</controlfield>
<controlfield tag="008">860617m19269999ua       bc  f000 0 arar</controlfield>
<datafield tag="010" ind1=" " ind2=" ">
<subfield code="a">   86885071</subfield>
</datafield>
<datafield tag="035" ind1=" " ind2=" ">
<subfield code="a">(OCoLC)13824010</subfield>
</datafield>
<datafield tag="040" ind1=" " ind2=" ">
<subfield code="a">DLC</subfield>
<subfield code="b">eng</subfield>
<subfield code="c">DLC</subfield>
<subfield code="d">OCLCO</subfield>
<subfield code="d">OCLCF</subfield>
<subfield code="d">OCLCQ</subfield>
<subfield code="d">OCLCO</subfield>
</datafield>
<datafield tag="043" ind1=" " ind2=" ">
<subfield code="a">f-ua---</subfield>
</datafield>
<datafield tag="050" ind1="0" ind2="0">
<subfield code="a">Z965</subfield>
<subfield code="b">.C1378</subfield>
</datafield>
<datafield tag="110" ind1="2" ind2=" ">
<subfield code="6">880-01</subfield>
<subfield code="a">Dār al-Kutub al-Miṣrīyah.</subfield>
<subfield code="b">Qism al-Fahāris al-ʻArabīyah.</subfield>
</datafield>
<datafield tag="245" ind1="1" ind2="0">
<subfield code="6">880-02</subfield>
<subfield code="a">Fihris al-kutub al-ʻArabīyah al-mawjūdah bi-al-Dār.</subfield>
</datafield>
<datafield tag="260" ind1=" " ind2=" ">
<subfield code="6">880-03</subfield>
<subfield code="a">al-Qāhirah :</subfield>
<subfield code="b">Maṭbaʻat Dār al-Kutub al-Miṣrīyah,</subfield>
<subfield code="c">1926-&lt;1963&gt;</subfield>
</datafield>
<datafield tag="300" ind1=" " ind2=" ">
<subfield code="a">volumes &lt;2-3, 6-9; in 7&gt; ;</subfield>
<subfield code="c">28 cm</subfield>
</datafield>
<datafield tag="336" ind1=" " ind2=" ">
<subfield code="a">text</subfield>
<subfield code="b">txt</subfield>
<subfield code="2">rdacontent</subfield>
</datafield>
<datafield tag="337" ind1=" " ind2=" ">
<subfield code="a">unmediated</subfield>
<subfield code="b">n</subfield>
<subfield code="2">rdamedia</subfield>
</datafield>
<datafield tag="338" ind1=" " ind2=" ">
<subfield code="a">volume</subfield>
<subfield code="b">nc</subfield>
<subfield code="2">rdacarrier</subfield>
</datafield>
<datafield tag="500" ind1=" " ind2=" ">
<subfield code="a">Vols. &lt;7-9&gt; have title: Fihris bi-al-kutub al-ʻArabīyah allatī waradat ʻalá al-Dār.</subfield>
</datafield>
<datafield tag="505" ind1="1" ind2=" ">
<subfield code="a">al-juzʼ 2. ʻUlūm al-Lughah al-ʻArabīyah, wa-al waḍʻ, wa-al-ṣarf, wa-al-naḥw, wa-al-baāghah, wa-al-ʻarūḍ al-qawāfī -- al-juzʼ 3.al-Qism al-awwal min fihris ādāb al-lughah al-ʻArabīyah -- al-juzʼ 6. Fahāris funūn al-āthār wa-al-jughrāfīyah, wa-al-aṭālis wa-al-khurut, wa-al-zirāʻahwa-alrayy, wa-al-tijārah, wa-al-ṣināʻāt, wa-al-maʻārif al-ʻāmmah -- al-juzʼ 7. al-Qism al-awwal min malāḥiq ʻulūm al-lughah al-ʻArabīyah, wa-al-waḍʻ, wa-al-ṣarf, wa-al-naḥw, wa-ụlūm al-balāghah, wa-ʻilmay al-ʻarūḍ wa-al-qawāfī, wa-al-ādāb wa-al-riwāyāt, wa-qiṣaṣ -- al-juzʻ 8. al-Mulḥaq al-thānī li-ʻilm al-tārīkh -- al-juzʻ 9. al-Mulḥaq al-thālith li-fahāris ādāb al-lughag al-ʻArabīyah.</subfield>
</datafield>
<datafield tag="610" ind1="2" ind2="0">
<subfield code="a">Dār al-Kutub al-Miṣrīyah</subfield>
<subfield code="v">Catalogs.</subfield>
</datafield>
<datafield tag="650" ind1=" " ind2="0">
<subfield code="a">Arabic imprints</subfield>
<subfield code="v">Catalogs.</subfield>
</datafield>
<datafield tag="610" ind1="2" ind2="7">
<subfield code="a">Dār al-Kutub al-Miṣrīyah.</subfield>
<subfield code="2">fast</subfield>
<subfield code="0">(OCoLC)fst00555556</subfield>
</datafield>
<datafield tag="650" ind1=" " ind2="7">
<subfield code="a">Arabic imprints.</subfield>
<subfield code="2">fast</subfield>
<subfield code="0">(OCoLC)fst00812284</subfield>
</datafield>
<datafield tag="655" ind1=" " ind2="7">
<subfield code="a">Catalogs.</subfield>
<subfield code="2">fast</subfield>
<subfield code="0">(OCoLC)fst01423692</subfield>
</datafield>
<datafield tag="740" ind1="0" ind2=" ">
<subfield code="6">880-04</subfield>
<subfield code="a">Fihris bi-al-kutub al-ʻArabīyah allatī waradat ʻalá al-Dār.</subfield>
</datafield>
<datafield tag="880" ind1="2" ind2=" ">
<subfield code="6">110-01/</subfield>
<subfield code="a">دار الكتب المصرية.</subfield>
<subfield code="b">قسم الفهارس العربية.</subfield>
</datafield>
<datafield tag="880" ind1="1" ind2="0">
<subfield code="6">245-02/</subfield>
<subfield code="a">فهرس الكتب العربية الموجودة بالدار.</subfield>
</datafield>
<datafield tag="880" ind1=" " ind2=" ">
<subfield code="6">260-03/</subfield>
<subfield code="a">القاهرة :</subfield>
<subfield code="b">مطبعة دار الكتب المصرية،</subfield>
<subfield code="c">١٩٢٤-</subfield>
</datafield>
<datafield tag="880" ind1="0" ind2=" ">
<subfield code="6">740-04/</subfield>
<subfield code="a">فهرس بالكتب العربية التي وردت على الدار.</subfield>
</datafield>
<datafield tag="OWN" ind1=" " ind2=" ">
<subfield code="a">GENERAL</subfield>
</datafield>
<datafield tag="AVA" ind1=" " ind2=" ">
<subfield code="a">NYU50</subfield>
<subfield code="b">BOBST</subfield>
<subfield code="c">Main Collection</subfield>
<subfield code="d">Z965 .C35 1926</subfield>
<subfield code="e">unavailable</subfield>
<subfield code="t">Unavailable</subfield>
<subfield code="f">1</subfield>
<subfield code="g">1</subfield>
<subfield code="h">Y</subfield>
<subfield code="i">1</subfield>
<subfield code="j">MAIN</subfield>
<subfield code="k">0</subfield>
</datafield>
</record>
